@inproceedings{lefebvre2021oct,
    author = {Joël Lefebvre and Patrick Delafontaine-Martel and Philippe Lemieux and Maxime Descoteaux and Laurent Petit and Frédéric Lesage},
    title = {{Localization and imaging of white matter fiber crossings in whole mouse brains using diffusion MRI and serial blockface OCT}},
    volume = {11629},
    booktitle = {Optical Techniques in Neurosurgery, Neurophotonics, and Optogenetics},
    editor = {Victor X. D. Yang and Jana M. Kainerstorfer and Qingming Luo and Jun Ding and Ling Fu and Samarendra K. Mohanty and Anna W. Roe and Shy Shoham},
    organization = {International Society for Optics and Photonics},
    publisher = {{SPIE}},
    pages = {110 -- 117},
    keywords = {Whole Brain Imaging, Neurophotonics, Multimodal Imaging, Diffusion MRI, Optical Coherence Tomography, Serial Blockface Histology},
    year = {2021},
    doi = {10.1117/12.2577648},
    URL = {https://doi.org/10.1117/12.2577648}
}

@inproceedings{oliveirasicard2021orientation3d,
    author = {De Oliveira-Sicard, Gaël and Tu, Jingxing and Massi, Frédéric},
    year = {2021},
    title = {{Détection au niveau cellulaire de l’orientation 3D de la matière blanche pour la tractographie basée sur la microscopie par nappe de lumière}},
    booktitle = {3e colloque scientifique du CERMO},
    type = {Conference Paper}
}

@misc{alexvalcourtcaron2022simulationgenerator,
    author = {Valcourt Caron, Alex},
    title = {Simulation Generator},
    howpublished = {\url{https://bitbucket.org/voxsim/simulation_generator}},
    month = {3},
    year = {2022}
}