@inproceedings{kour2014real,
    title = {Real-time segmentation of on-line handwritten arabic script},
    author = {Kour, George and Saabne, Raid},
    booktitle = {Frontiers in Handwriting Recognition (ICFHR), 2014 14th International Conference on},
    pages = {417--422},
    year = {2014},
    organization = {IEEE}
}

@inproceedings{kour2014fast,
    title = {Fast classification of handwritten on-line Arabic characters},
    author = {Kour, George and Saabne, Raid},
    booktitle = {Soft Computing and Pattern Recognition (SoCPaR), 2014 6th International Conference of},
    pages = {312--318},
    year = {2014},
    organization = {IEEE}
}

@article{hadash2018estimate,
    title = {Estimate and Replace: A Novel Approach to Integrating Deep Neural Networks with Existing Applications},
    author = {Hadash, Guy and Kermany, Einat and Carmeli, Boaz and Lavi, Ofer and Kour, George and Jacovi, Alon},
    journal = {arXiv preprint arXiv:1804.09028},
    year = {2018}
}

@inproceedings{RN11,
   author = {Lefebvre, Joël and Delafontaine-Martel, Patrick and Lemieux, Philippe and Descoteaux, Maxime and Petit, Laurent and Lesage, Frédéric},
   year = {2021},
   title = {Localization and imaging of white matter fiber crossings in whole mouse brains using diffusion MRI and serial blockface OCT},
   booktitle = {SPIE BiOS},
   series = {Optical Techniques in Neurosurgery, Neurophotonics, and Optogenetics},
   publisher = {SPIE},
   volume = {11629},
   DOI = {10.1117/12.2577648},
   url = {https://doi.org/10.1117/12.2577648}
}
